<mx:record xmlns="http://www.w3.org/TR/xhtml1/strict" xmlns:mx="http://www.loc.gov/MARC21/slim" xmlns:xsi="http://www.w3.org/2001/XMLSchema-instance"><mx:leader>00037cz  2200037n  45 0</mx:leader><mx:controlfield tag="001">oca05484194 </mx:controlfield><mx:controlfield tag="005">20070607165811.0</mx:controlfield><mx:controlfield tag="008">010508n| acannaabn          |a aaa      </mx:controlfield><mx:datafield ind1=" " ind2=" " tag="010"><mx:subfield code="a">n 2001034426</mx:subfield></mx:datafield><mx:datafield ind1=" " ind2=" " tag="040"><mx:subfield code="a">DLC</mx:subfield><mx:subfield code="b">eng</mx:subfield><mx:subfield code="c">DLC</mx:subfield><mx:subfield code="d">DLC</mx:subfield></mx:datafield><mx:datafield ind1="0" ind2=" " tag="100"><mx:subfield code="a">Philētas,</mx:subfield><mx:subfield code="d">330-270 B.C.</mx:subfield></mx:datafield><mx:datafield ind1="0" ind2=" " tag="400"><mx:subfield code="a">Philētas,</mx:subfield><mx:subfield code="c">Kōos,</mx:subfield><mx:subfield code="d">330-270 B.C.</mx:subfield></mx:datafield><mx:datafield ind1="0" ind2=" " tag="400"><mx:subfield code="a">Filita,</mx:subfield><mx:subfield code="c">di Cos,</mx:subfield><mx:subfield code="d">330-270 B.C.</mx:subfield></mx:datafield><mx:datafield ind1="0" ind2=" " tag="400"><mx:subfield code="a">Filita,</mx:subfield><mx:subfield code="d">330-270 B.C.</mx:subfield></mx:datafield><mx:datafield ind1="0" ind2=" " tag="400"><mx:subfield code="a">Philitas,</mx:subfield><mx:subfield code="c">of Cos,</mx:subfield><mx:subfield code="d">330-270 B.C.</mx:subfield></mx:datafield><mx:datafield ind1=" " ind2=" " tag="670"><mx:subfield code="a">Enkyk. Papyros Larous Britannika, c1996</mx:subfield><mx:subfield code="b">(hdg.: Philētas, 330-270 B.C.; poet and grammarian who was part of the Greek poetical school that flourished in Alexandria in 323 B.C. Educated by Ptolemy II and by the poet Theokritos)</mx:subfield></mx:datafield><mx:datafield ind1=" " ind2=" " tag="670"><mx:subfield code="a">Filita grammatico, 2000:</mx:subfield><mx:subfield code="b">p. 1 (Filita di Cos; Filita)</mx:subfield></mx:datafield><mx:datafield ind1=" " ind2=" " tag="670"><mx:subfield code="a">Spanoudakis, K. Philitas of Cos, 2001.</mx:subfield></mx:datafield><mx:datafield ind1=" " ind2=" " tag="999"><mx:subfield code="a">243</mx:subfield></mx:datafield></mx:record>